@misc{xkcd:en,
    author = "Munroe, Randall",
    title = "Lojban",
    year = 2006,
    month = dec,
    howpublished = "\url{https://xkcd.com/191/}",
    note = "[Online; accessed 15-August-2022]"
}

@misc{xkcd:loj,
    author = "Munroe, Randall",
    title = "Lojban (translated)",
    year = 2006,
    month = dec,
    howpublished = "\url{https://imgs.xkcd.com/comics/lojban_translated.png}",
    note = "[Online; accessed 15-August-2022]"
}
